@Book{knuth:84,
  author = 	 {Donald E. Knuth},
  title = 	 {The {\TeX} Book},
  publisher = 	 {Addison-Wesley},
  year = 	 {1984},
  edition = 	 {15th}
}

@InCollection{boulic:91,
  author = 	 {R. Boulic and O. Renault},
  title = 	 {3D Hierarchies for Animation},
  booktitle = 	 {New Trends in Animation and Visualization},
  publisher =    {John Wiley {\&} Sons ltd.},
  year = 	 {1991},
  editor = 	 {Nadia Magnenat-Thalmann and Daniel Thalmann}
}

@InCollection{smith:99,
  author = 	 {A. Smith and B. Jones},
  title = 	 {On the Complexity of Computing},
  booktitle = 	 {Advances in Computer Science},
  pages = 	 {555--566},
  publisher =    {Publishing Press},
  year = 	 {1999},
  editor =   {A. B. Smith-Jones}
}

@article{chang:1996,
  author =   {Chang, R., Leu, S.},
  title =    {The minimum labeling spanning trees},
  pages =    {277â€“282},
  year =   {1997}
}

@article{consoli:2009,
  author =   {Consoli, S., Darby-Dowman, K., Mladenovic, N., Moreno-P`erez, J.A.},
  title =    {Greedy randomized adaptive search and variable neighbourhood search for the minimum labelling spanning tree problem},
  pages =    {440-449},
  year =   {2009},
  editor = 	 {European Journal of Operational Research 196(2)}
}

@article{wessberg2000real,
  title={Real-time prediction of hand trajectory by ensembles of cortizcal neurons in primates},
  author={Wessberg, Johan and Stambaugh, Christopher R and Kralik,Jerald D and Beck, Pamela D and Laubach, Mark and Chapin, John K and Kim, Jung and Biggs, S James and Srinivasan, Mandayam A and Nicolelis, Miguel AL},
  journal={Nature},
  volume={408},
  number={6810},
  pages={361--365},
  year={2000},
  publisher={Nature Publishing Group}
}